[gd_scene load_steps=18 format=2]

[ext_resource path="res://enemy/EnemyStateMachine.gd" type="Script" id=1]
[ext_resource path="res://enemy/enemy.gd" type="Script" id=2]
[ext_resource path="res://assets/PressStart2P-Regular.ttf" type="DynamicFontData" id=3]
[ext_resource path="res://enemy/3d_label.gd" type="Script" id=4]
[ext_resource path="res://assets/sound/enemy_hit.wav" type="AudioStream" id=5]
[ext_resource path="res://assets/sound/monster_attack.wav" type="AudioStream" id=6]
[ext_resource path="res://assets/enemy/JumperAnimations.tscn" type="PackedScene" id=7]

[sub_resource type="CubeMesh" id=1]
size = Vector3( 1, 2, 1 )

[sub_resource type="SpatialMaterial" id=2]
albedo_color = Color( 0.945098, 0.0745098, 0.0745098, 1 )

[sub_resource type="BoxShape" id=3]
extents = Vector3( 0.2, 0.2, 0.2 )

[sub_resource type="CylinderShape" id=4]
radius = 20.0
height = 1.0

[sub_resource type="DynamicFont" id=5]
size = 20
outline_size = 2
outline_color = Color( 0, 0, 0, 1 )
font_data = ExtResource( 3 )

[sub_resource type="Animation" id=6]
tracks/0/type = "value"
tracks/0/path = NodePath("MeshInstance:translation")
tracks/0/interp = 2
tracks/0/loop_wrap = true
tracks/0/imported = false
tracks/0/enabled = true
tracks/0/keys = {
"times": PoolRealArray( 0, 0.3, 0.5, 1 ),
"transitions": PoolRealArray( 1, 1, 1, 1 ),
"update": 0,
"values": [ Vector3( 0, 0, 0 ), Vector3( 0, 0, 1 ), Vector3( 0, 0, -1 ), Vector3( 0, 0, 0 ) ]
}
tracks/1/type = "method"
tracks/1/path = NodePath("EnemyStateMachine")
tracks/1/interp = 1
tracks/1/loop_wrap = true
tracks/1/imported = false
tracks/1/enabled = true
tracks/1/keys = {
"times": PoolRealArray( 0.5, 1 ),
"transitions": PoolRealArray( 1, 1 ),
"values": [ {
"args": [ "deal_damage" ],
"method": "call"
}, {
"args": [ 0 ],
"method": "set_state"
} ]
}

[sub_resource type="Animation" id=7]
length = 0.2
tracks/0/type = "value"
tracks/0/path = NodePath("TextManager/Label:rect_scale")
tracks/0/interp = 1
tracks/0/loop_wrap = true
tracks/0/imported = false
tracks/0/enabled = true
tracks/0/keys = {
"times": PoolRealArray( 0, 0.1, 0.2 ),
"transitions": PoolRealArray( 1, 1, 1 ),
"update": 0,
"values": [ Vector2( 1, 1 ), Vector2( 1.5, 1.5 ), Vector2( 0.01, 0.01 ) ]
}
tracks/1/type = "value"
tracks/1/path = NodePath("MeshInstance:scale")
tracks/1/interp = 1
tracks/1/loop_wrap = true
tracks/1/imported = false
tracks/1/enabled = true
tracks/1/keys = {
"times": PoolRealArray( 0, 0.2 ),
"transitions": PoolRealArray( 1, 1 ),
"update": 0,
"values": [ Vector3( 1, 1.5, 1 ), Vector3( 0.01, 0.01, 0.01 ) ]
}

[sub_resource type="Animation" id=8]
length = 0.2
tracks/0/type = "value"
tracks/0/path = NodePath("TextManager/Label:rect_scale")
tracks/0/interp = 1
tracks/0/loop_wrap = true
tracks/0/imported = false
tracks/0/enabled = true
tracks/0/keys = {
"times": PoolRealArray( 0, 0.1, 0.2 ),
"transitions": PoolRealArray( 1, 1, 1 ),
"update": 0,
"values": [ Vector2( 1, 1 ), Vector2( 1.25, 1.25 ), Vector2( 1, 1 ) ]
}

[sub_resource type="BoxShape" id=9]
extents = Vector3( 0.2, 0.2, 1 )

[sub_resource type="CylinderShape" id=10]
radius = 5.0
height = 0.01

[node name="EnemyBody" type="KinematicBody" groups=[
"enemy",
]]
script = ExtResource( 2 )

[node name="Jumper" parent="." instance=ExtResource( 7 )]

[node name="MeshInstance" type="MeshInstance" parent="."]
transform = Transform( 1, 0, 0, 0, 1.5, 0, 0, 0, 1, 0, 0, 0 )
visible = false
mesh = SubResource( 1 )
material/0 = SubResource( 2 )

[node name="CollisionShape" type="CollisionShape" parent="."]
shape = SubResource( 3 )

[node name="EnemyStateMachine" type="Node" parent="."]
script = ExtResource( 1 )

[node name="detectionRadius" type="Area" parent="."]

[node name="CollisionShape" type="CollisionShape" parent="detectionRadius"]
shape = SubResource( 4 )

[node name="TextManager" type="Position3D" parent="."]
script = ExtResource( 4 )

[node name="Label" type="RichTextLabel" parent="TextManager"]
margin_right = 300.0
margin_bottom = 55.0
rect_pivot_offset = Vector2( 84, 27 )
rect_clip_content = false
custom_fonts/normal_font = SubResource( 5 )
bbcode_enabled = true
bbcode_text = "aaaaaaaa"
text = "aaaaaaaa"
__meta__ = {
"_edit_use_anchors_": false,
"_editor_description_": ""
}

[node name="WordAnimationPlayer" type="AnimationPlayer" parent="."]
anims/attack = SubResource( 6 )
anims/fullyTyped = SubResource( 7 )
anims/letterTyped = SubResource( 8 )

[node name="MeshAnimationPlayer" type="AnimationPlayer" parent="."]
anims/attack = SubResource( 6 )
anims/shrink = SubResource( 7 )

[node name="AttackArea" type="Area" parent="."]
transform = Transform( 1, 0, 0, 0, 1, 0, 0, 0, 1, 0, 0, -1 )

[node name="CollisionShape" type="CollisionShape" parent="AttackArea"]
shape = SubResource( 9 )

[node name="ExplosionRadius" type="Area" parent="."]

[node name="CollisionShape" type="CollisionShape" parent="ExplosionRadius"]
shape = SubResource( 10 )

[node name="Attack" type="AudioStreamPlayer" parent="."]
stream = ExtResource( 6 )

[node name="Hit" type="AudioStreamPlayer" parent="."]
stream = ExtResource( 5 )
pitch_scale = 2.0

[editable path="Jumper"]
