[gd_scene load_steps=12 format=2]

[ext_resource path="res://enemy/EnemyEmitter.gd" type="Script" id=1]

[sub_resource type="OpenSimplexNoise" id=1]

[sub_resource type="NoiseTexture" id=2]
noise = SubResource( 1 )

[sub_resource type="OpenSimplexNoise" id=3]

[sub_resource type="NoiseTexture" id=4]
noise = SubResource( 3 )

[sub_resource type="Gradient" id=5]
colors = PoolColorArray( 1, 1, 1, 1, 0, 0, 0, 1 )

[sub_resource type="GradientTexture" id=6]
gradient = SubResource( 5 )

[sub_resource type="Curve" id=7]
_data = [ Vector2( 0, 1 ), 0.0, 0.0, 0, 0, Vector2( 0.974684, 0 ), 0.0, 0.0, 0, 0 ]

[sub_resource type="CurveTexture" id=8]
curve = SubResource( 7 )

[sub_resource type="ParticlesMaterial" id=9]
trail_divisor = 16
trail_size_modifier = SubResource( 8 )
trail_color_modifier = SubResource( 6 )
emission_shape = 4
emission_point_texture = SubResource( 4 )
emission_normal_texture = SubResource( 2 )
emission_point_count = 1
direction = Vector3( 10, -10, 10 )
spread = 61.55
gravity = Vector3( 0, 50, 0 )
linear_accel = 32.18
radial_accel = -78.16
radial_accel_random = 1.0
tangential_accel = 100.0
hue_variation_random = 0.68

[sub_resource type="CubeMesh" id=10]
size = Vector3( 1, 1, 1 )

[node name="Emitter" type="Particles"]
emitting = false
draw_order = 1
process_material = SubResource( 9 )
draw_pass_1 = SubResource( 10 )
script = ExtResource( 1 )

[node name="Timer" type="Timer" parent="."]
wait_time = 2.0
one_shot = true
autostart = true
[connection signal="timeout" from="Timer" to="." method="_on_Timer_timeout"]
