[gd_scene load_steps=6 format=2]

[ext_resource path="res://assets/PressStart2P-Regular.ttf" type="DynamicFontData" id=1]
[ext_resource path="res://assets/sound/gameover.ogg" type="AudioStream" id=2]

[sub_resource type="GDScript" id=1]
script/source = "extends Control


func _ready():
	pass


func _on_Retry_pressed():
	Transition.fade_to_scene(\"res://levels/RandomDungeon.tscn\")


func _on_MainMenu_pressed():
	Transition.fade_to_scene(\"res://MainMenu.tscn\")
"

[sub_resource type="DynamicFont" id=2]
size = 48
font_data = ExtResource( 1 )

[sub_resource type="DynamicFont" id=3]
size = 32
font_data = ExtResource( 1 )

[node name="GameOver" type="Control"]
anchor_right = 1.0
anchor_bottom = 1.0
script = SubResource( 1 )
__meta__ = {
"_edit_use_anchors_": false
}

[node name="Label" type="RichTextLabel" parent="."]
anchor_left = 0.5
anchor_right = 0.5
margin_left = -278.5
margin_right = 278.5
margin_bottom = 155.0
grow_horizontal = 2
grow_vertical = 2
size_flags_horizontal = 2
size_flags_vertical = 2
custom_fonts/normal_font = SubResource( 2 )
bbcode_enabled = true
bbcode_text = "
[center][wave amp=50 freq=2]Game Over[/wave][/center]"
text = "
Game Over"
__meta__ = {
"_edit_use_anchors_": false
}

[node name="VBoxContainer" type="VBoxContainer" parent="."]
anchor_left = 0.5
anchor_top = 0.5
anchor_right = 0.5
anchor_bottom = 0.5
margin_left = -150.0
margin_top = -40.0
margin_right = 150.0
margin_bottom = 40.0
custom_constants/separation = 50
__meta__ = {
"_edit_use_anchors_": false
}

[node name="Retry" type="Button" parent="VBoxContainer"]
margin_right = 300.0
margin_bottom = 38.0
custom_fonts/font = SubResource( 3 )
text = "Retry"
__meta__ = {
"_edit_use_anchors_": false
}

[node name="MainMenu" type="Button" parent="VBoxContainer"]
margin_top = 88.0
margin_right = 300.0
margin_bottom = 126.0
custom_fonts/font = SubResource( 3 )
text = "Main Menu"
__meta__ = {
"_edit_use_anchors_": false
}

[node name="AudioStreamPlayer" type="AudioStreamPlayer" parent="."]
stream = ExtResource( 2 )
autoplay = true
[connection signal="pressed" from="VBoxContainer/Retry" to="." method="_on_Retry_pressed"]
[connection signal="pressed" from="VBoxContainer/MainMenu" to="." method="_on_MainMenu_pressed"]
