[gd_scene load_steps=2 format=2]

[ext_resource path="res://assets/settingspopup/settings_popup.gd" type="Script" id=1]

[node name="SettingsPopup" type="PopupPanel"]
anchor_left = 0.5
anchor_top = 0.5
anchor_right = 0.5
anchor_bottom = 0.5
margin_left = -20.0
margin_top = -20.0
margin_right = 20.0
margin_bottom = 20.0
popup_exclusive = true
script = ExtResource( 1 )
__meta__ = {
"_edit_use_anchors_": false
}

[node name="GridContainer" type="GridContainer" parent="."]
anchor_left = 0.5
anchor_top = 0.5
anchor_right = 0.5
anchor_bottom = 0.5
margin_left = -135.5
margin_top = -148.0
margin_right = 135.5
margin_bottom = 148.0
rect_pivot_offset = Vector2( 118, 88 )
focus_mode = 1
custom_constants/vseparation = 20
custom_constants/hseparation = 30
columns = 3
__meta__ = {
"_edit_use_anchors_": false
}

[node name="Volume" type="Label" parent="GridContainer"]
margin_top = 1.0
margin_right = 115.0
margin_bottom = 15.0
text = "Volume"
align = 2

[node name="Control3" type="Control" parent="GridContainer"]
margin_left = 145.0
margin_right = 145.0
margin_bottom = 16.0

[node name="VolumeSlider" type="HSlider" parent="GridContainer"]
margin_left = 175.0
margin_right = 271.0
margin_bottom = 16.0
max_value = 1.0
step = 0.01
value = 1.0
scrollable = false

[node name="Display" type="Label" parent="GridContainer"]
margin_top = 39.0
margin_right = 115.0
margin_bottom = 53.0
text = "Display Mode"
align = 2
__meta__ = {
"_edit_use_anchors_": false
}

[node name="Control7" type="Control" parent="GridContainer"]
margin_left = 145.0
margin_top = 36.0
margin_right = 145.0
margin_bottom = 56.0

[node name="DisplayOptions" type="OptionButton" parent="GridContainer"]
margin_left = 175.0
margin_top = 36.0
margin_right = 271.0
margin_bottom = 56.0
text = "Windowed"
items = [ "Windowed", null, false, 0, null, "Fullscreen", null, false, 1, null, "Borderless", null, false, 2, null ]
selected = 0
__meta__ = {
"_edit_use_anchors_": false
}

[node name="Resolution" type="Label" parent="GridContainer"]
margin_top = 79.0
margin_right = 115.0
margin_bottom = 93.0
text = "Resolution"
align = 2
__meta__ = {
"_edit_use_anchors_": false
}

[node name="Control8" type="Control" parent="GridContainer"]
margin_left = 145.0
margin_top = 76.0
margin_right = 145.0
margin_bottom = 96.0

[node name="ResolutionOptions" type="OptionButton" parent="GridContainer"]
margin_left = 175.0
margin_top = 76.0
margin_right = 271.0
margin_bottom = 96.0
text = "1024x768"
items = [ "1024x768", null, false, 0, null, "1280x720", null, false, 1, null, "1360x768", null, false, 2, null, "1366x768", null, false, 3, null, "1440x900", null, false, 4, null, "1600x900", null, false, 5, null, "1680x1050", null, false, 6, null, "1920x1080", null, false, 7, null, "2560x1440", null, false, 8, null, "3840x2160", null, false, 9, null ]
selected = 0
__meta__ = {
"_edit_use_anchors_": false
}

[node name="MSAA" type="Label" parent="GridContainer"]
margin_top = 119.0
margin_right = 115.0
margin_bottom = 133.0
text = "MSAA"
align = 2
__meta__ = {
"_edit_use_anchors_": false
}

[node name="Control10" type="Control" parent="GridContainer"]
margin_left = 145.0
margin_top = 116.0
margin_right = 145.0
margin_bottom = 136.0

[node name="MSAAOptions" type="OptionButton" parent="GridContainer"]
margin_left = 175.0
margin_top = 116.0
margin_right = 271.0
margin_bottom = 136.0
text = "Disabled"
items = [ "Disabled", null, false, 0, null, "2x", null, false, 1, null, "4x", null, false, 2, null, "8x", null, false, 3, null, "16x", null, false, 4, null ]
selected = 0
__meta__ = {
"_edit_use_anchors_": false
}

[node name="Vsync" type="Label" parent="GridContainer"]
margin_top = 169.0
margin_right = 115.0
margin_bottom = 183.0
text = "VSync"
align = 2
__meta__ = {
"_edit_use_anchors_": false
}

[node name="Control11" type="Control" parent="GridContainer"]
margin_left = 145.0
margin_top = 156.0
margin_right = 145.0
margin_bottom = 196.0

[node name="VsyncCheck" type="CheckButton" parent="GridContainer"]
margin_left = 175.0
margin_top = 156.0
margin_right = 271.0
margin_bottom = 196.0
__meta__ = {
"_edit_use_anchors_": false
}

[node name="Control" type="Control" parent="GridContainer"]
margin_top = 216.0
margin_right = 115.0
margin_bottom = 216.0

[node name="Control2" type="Control" parent="GridContainer"]
margin_left = 145.0
margin_top = 216.0
margin_right = 145.0
margin_bottom = 216.0

[node name="Control5" type="Control" parent="GridContainer"]
margin_left = 175.0
margin_top = 216.0
margin_right = 271.0
margin_bottom = 216.0

[node name="Reset" type="Button" parent="GridContainer"]
margin_top = 236.0
margin_right = 115.0
margin_bottom = 256.0
text = "Reset to Default"
__meta__ = {
"_edit_use_anchors_": false
}

[node name="Control6" type="Control" parent="GridContainer"]
margin_left = 145.0
margin_top = 236.0
margin_right = 145.0
margin_bottom = 256.0

[node name="Control4" type="Control" parent="GridContainer"]
margin_left = 175.0
margin_top = 236.0
margin_right = 271.0
margin_bottom = 256.0

[node name="Cancel" type="Button" parent="GridContainer"]
margin_top = 276.0
margin_right = 115.0
margin_bottom = 296.0
text = "Cancel"
__meta__ = {
"_edit_use_anchors_": false
}

[node name="Control12" type="Control" parent="GridContainer"]
margin_left = 145.0
margin_top = 276.0
margin_right = 145.0
margin_bottom = 296.0

[node name="Save" type="Button" parent="GridContainer"]
margin_left = 175.0
margin_top = 276.0
margin_right = 271.0
margin_bottom = 296.0
text = "Save Settings"
[connection signal="about_to_show" from="." to="." method="_on_SettingsPopup_about_to_show"]
[connection signal="value_changed" from="GridContainer/VolumeSlider" to="." method="_on_VolumeSlider_value_changed"]
[connection signal="item_selected" from="GridContainer/DisplayOptions" to="." method="_on_DisplayOptions_item_selected"]
[connection signal="item_selected" from="GridContainer/ResolutionOptions" to="." method="_on_ResolutionOptions_item_selected"]
[connection signal="item_selected" from="GridContainer/MSAAOptions" to="." method="_on_MSAAOptions_item_selected"]
[connection signal="pressed" from="GridContainer/VsyncCheck" to="." method="_on_VsyncCheck_pressed"]
[connection signal="pressed" from="GridContainer/Reset" to="." method="_on_Reset_pressed"]
[connection signal="pressed" from="GridContainer/Cancel" to="." method="_on_Cancel_pressed"]
[connection signal="pressed" from="GridContainer/Save" to="." method="_on_Save_pressed"]
